<?xml version="1.0" encoding="UTF-8"?><collection xmlns="http://www.loc.gov/MARC21/slim"><record><leader>00400nam--2200133-i-4500</leader><controlfield tag="001">000039717</controlfield><controlfield tag="002">20161230</controlfield><controlfield tag="005">20161230201042</controlfield><controlfield tag="008">060222s1000------------r-----000-0-eng-d</controlfield><datafield ind1=" " ind2=" " tag="080"><subfield code="a">61:681.785.5</subfield></datafield><datafield ind1=" " ind2=" " tag="100"><subfield code="a">Roth, Klaus</subfield></datafield><datafield ind1=" " ind2=" " tag="245"><subfield code="a">Nmr-tomography and spectroscopy in medicine an introduction. with 122 fig., some in color and 12 tables</subfield></datafield><datafield ind1=" " ind2=" " tag="260"><subfield code="a">Berlin, Springer-verlag, 1984, 128p</subfield></datafield><datafield ind1=" " ind2=" " tag="852"><subfield code="a">73856</subfield></datafield></record></collection>